<record><leader>00000cas a22000007a 4500</leader><controlfield tag="001">11977096</controlfield><controlfield tag="008">850429d18581uuunjuwr ne      0    0eng d</controlfield><datafield ind1=" " ind2=" " tag="010"><subfield code="a">sn 85035610 </subfield></datafield><datafield ind1=" " ind2=" " tag="040"><subfield code="a">NPA</subfield><subfield code="b">eng</subfield><subfield code="c">NPA</subfield><subfield code="d">NJW</subfield><subfield code="d">OCLCQ</subfield></datafield><datafield ind1=" " ind2=" " tag="042"><subfield code="a">msc</subfield></datafield><datafield ind1="0" ind2="4" tag="245"><subfield code="a">The Lambertville press.</subfield></datafield><datafield ind1=" " ind2=" " tag="260"><subfield code="a">Lambertville, N.J. :</subfield><subfield code="b">B.B. Blackwell</subfield></datafield><datafield ind1=" " ind2=" " tag="300"><subfield code="a">v. ;</subfield><subfield code="c">70-77 cm.</subfield></datafield><datafield ind1=" " ind2=" " tag="310"><subfield code="a">Weekly</subfield></datafield><datafield ind1="1" ind2=" " tag="362"><subfield code="a">Began with Nov. 4, 1858 issue.</subfield></datafield><datafield ind1=" " ind2=" " tag="500"><subfield code="a">Published by S. Blackwell, &lt;1862&gt;.</subfield></datafield><datafield ind1=" " ind2=" " tag="588"><subfield code="a">Description based on: Vol. 2, no. 96 (Sept. 5, 1860).</subfield></datafield><datafield ind1=" " ind2=" " tag="752"><subfield code="a">United States</subfield><subfield code="b">New Jersey</subfield><subfield code="c">Hunterdon</subfield><subfield code="d">Lambertville.</subfield></datafield></record>